@Misc{AhnenforschungDE,
  author    = {Ahnenforschung},
  note      = {Abgerufen am 02.02.2022 von \url{https://www.ahnenforschung.de/themen/genealogie/}},
  title     = {Genealogie},
  timestamp = {2023-02-02},
  url       = {https://www.ahnenforschung.de/themen/genealogie/},
}

@Misc{SocietyOfGenealogists,
  author    = {Society Of Genealogists},
  note      = {Abgerufen am 02.02.2022 von \url{https://www.sog.org.uk/learn/hints-tips/genealogy-or-family-history}},
  title     = {Genealogy or Family History},
  timestamp = {2023-02-02},
  url       = {https://www.sog.org.uk/learn/hints-tips/genealogy-or-family-history},
}

@Misc{FamilySearchAbout,
  author    = {FamilySearch},
  note      = {Abgerufen am 02.02.2022 von \url{https://www.familysearch.org/en/about/}},
  title     = {About FamilySearch},
  timestamp = {2023-02-02},
  url       = {https://www.familysearch.org/en/about/},
}

@Manual{GEDCOM,
  title        = {The FamilySearch GEDCOM Specification 7.0.11},
  address      = {15 East South Temple StreetSalt Lake City, UT 84150 US},
  author       = {{Family History Department}},
  edition      = {7.0.11},
  month        = nov,
  organization = {The Church of Jesus Christ of Latter-day Saints},
  year         = {2022},
  url          = {https://gedcom.io/specifications/FamilySearchGEDCOMv7.html},
}

@Misc{NearleyDoc,
  author    = {Kartik Chandra},
  note      = {Abgerufen am 10.02.2022 von \url{https://nearley.js.org/}},
  title     = {Documentation: nearley.js},
  timestamp = {2023-02-10},
  url       = {https://nearley.js.org/},
}

@Misc{MooDoc,
  author    = {Tim Radvan},
  note      = {Abgerufen am 10.02.2022 von \url{https://github.com/no-context/moo}},
  title     = {Documentation: moo.js},
  timestamp = {2023-02-10},
  url       = {https://github.com/no-context/moo},
}

@Article{Earley1970,
  author  = {Jay Earley},
  journal = {Communications of the ACM},
  title   = {An efficient context-free parsing algorithm},
  year    = {1970},
}

@Misc{Malteser,
  author    = {Malteser},
  note      = {Abgerufen am 25.02.2022 von \url{https://www.malteser.de/dabei/familie-freundschaft/familienforschung-woher-stamme-ich-eigentlich.html}},
  title     = {Familienforschung: Den Stammbaum weitergeben},
  timestamp = {2023-02-25},
  url       = {https://www.malteser.de/dabei/familie-freundschaft/familienforschung-woher-stamme-ich-eigentlich.html},
}

@Article{DemoskopieAllensbach2007,
  author  = {Institut f√ºr Demoskopie Allensbach},
  journal = {Allensbacher Berichte},
  title   = {Ahnen- und Familienforschung},
  year    = {2007},
  number  = {2},
  volume  = {13},
}

@Article{Feynman2016,
  author = {Feynman, Richard},
  title  = {Ebnf: A notation to describe syntax},
  year   = {2016},
}

@Misc{MochaDoc,
  author = {{Mocha Package Maintainer}},
  note   = {Abgerufen am 25.02.2023 von \url{https://mochajs.org//}},
  title  = {{Mocha Documentation}},
}

@Comment{jabref-meta: databaseType:bibtex;}
